@inproceedings{gehrmann2013conditional,
  title={Conditional random fields for protein function prediction},
  author={Gehrmann, Thies and Loog, Marco and Reinders, Marcel J.T. and de Ridder, Dick},
  booktitle={International Conference on Pattern Recognition in Bioinformatics},
  year={2013},
}

@article{gehrmann2015proteny,
  title={Proteny: discovering and visualizing statistically significant syntenic clusters at the proteome level},
  author={Gehrmann, Thies and Reinders, Marcel J.T.},
  journal={Bioinformatics},
  year={2015}
}

@article{pelkmans2016c2h2,
  title={The transcriptional regulator c2h2},
  author={Pelkmans, Jordi F. and Vos, Aurin M. and Scholtmeijer, Karin and Hendrix, Ed and Baars, Johan J.P. and Gehrmann, Thies and Reinders, Marcel J.T. and Lugones, Luis G. and W{\"o}sten, Han A.B.},
  journal={Applied microbiology and biotechnology},
  year={2016}
}

@article{gehrmann2016isoform,
  title={Schizophyllum commune has an extensive and functional alternative splicing repertoire},
  author={Gehrmann, Thies and Pelkmans, Jordi F. and Lugones, Luis G. and W{\"o}sten, Han A.B. and Abeel, Thomas and Reinders, Marcel J.T.},
  journal={Scientific reports},
  year={2016}
}

@article{pelkmans2017transcription,
  title={Transcription factors of Schizophyllum commune involved in mushroom formation and modulation of vegetative growth},
  author={Pelkmans, Jordi F. and Patil, Mohini B. and Gehrmann, Thies and Reinders, Marcel J.T. and W{\"o}sten, Han A.B. and Lugones, Luis G.},
  journal={Scientific Reports},
  year={2017}
}

@article{manson2017mycobacterium,
  title={Mycobacterium tuberculosis Whole Genome Sequences From Southern India Suggest Novel Resistance Mechanisms and the Need for Region-Specific Diagnostics},
  author={Manson, Abigail L. and Abeel, Thomas and Galagan, James E. and Sundaramurthi, Jagadish Chandrabose and Salazar, Alex and Gehrmann, Thies and Shanmugam, Siva Kumar and Palaniyandi, Kannan and Narayanan, Sujatha and Swaminathan, Soumya and others},
  journal={Clinical Infectious Diseases},
  year={2017}
}

@article{diepeveen2017patterns,
  title={Patterns of conservation and diversification in the fungal polarization network},
  author={Diepeveen, Eveline T. and Gehrmann, Thies and Pourquie, Valerie and Abeel, Thomas and Laan, Liedewij},
  journal={bioRxiv},
  year={2017},
}

@article{gehrmann2017variants,
	author = {Gehrmann, Thies and Pelkmans, Jordi F. and Lugones, Luis G. and W{\"{o}}sten, Han A.B. and Abeel, Thomas and Reinders, Marcel J.T.},
	file = {:Users/thiesgehrmann/Documents/Mendeley Desktop/Gehrmann et al. - 2017 - Variants in RNA - Seq data show a continued mutation rate during strain preservation of Schizophyllum commune.pdf:pdf},
	journal = {bioRxiv},
	title = {{Variants in RNA - Seq data show a continued mutation rate during strain preservation of Schizophyllum commune}},
	year = {2017}
}

@article{gehrmann2018nucleus,
	author = {Gehrmann, Thies and Pelkmans, Jordi F. and Ohm, Robin A. and Vos, Aurin M. and Sonnenberg, Anton S.M. and Baars, Johan J.P. and W{\"{o}}sten, Han A.B. and Reinders, Marcel J.T. and Abeel, Thomas},
	file = {:Users/thiesgehrmann/Documents/Mendeley Desktop/Gehrmann et al. - 2018 - Nucleus-specific expression in the multinuclear mushroom-forming fungus Agaricus bisporus reveals different nuc.pdf:pdf},
	journal = {Proceedings of the National Academy of Sciences of the United States of America},
	keywords = {RNA-seq,fungi,heterokaryon,nuclear-specific expression,quantification},
	title = {{Nucleus-specific expression in the multinuclear mushroom-forming fungus Agaricus bisporus reveals different nuclear regulatory programs.}},
	year = {2018}
}